@misc{brmorph,
author = "Wikipedia",
title = "Brain Morphometry",
year = "2012",
ulr = "http://en.wikipedia.org/wiki/Brain_morphometry",
key = "Wik1",
note = "[Online; accessed 10-September-2012]"
}

@misc{slicer,
author = "Wikipedia",
title = "3DSlicer",
year = "2012",
ulr = "http://en.wikipedia.org/wiki/3DSlicer",
key = "Wik2",
note = "[Online; accessed 15-September-2012]"
}

@misc{itk,
author = "Kitware",
title = "ITK",
year = "2012",
ulr = "http://www.itk.org/ITK/project/about.html",
key = "itk",
note = "[Online; accessed 15-September-2012]"
}

@misc{matlab,
author = "Wikipedia",
title = "MATLAB",
year = "2012",
ulr = "http://en.wikipedia.org/wiki/MATLAB",
key = "Wik3",
note = "[Online; accessed 15-September-2012]"
}